/home/k4r7ik/Documents/Mtech/Thesis/Gbu-dissertation/.build/references.bib